@article{lee2020,
  author    = {H. Lee and S. Eum and H. Kwon},
  title     = {{ME R-CNN}: Multi-Expert R-CNN for Object Detection},
  journal   = {IEEE Transactions on Image Processing},
  volume    = {29},
  pages     = {1030--1044},
  year      = {2020},
  doi       = {10.1109/TIP.2019.2938879},
}

@article{tan2020,
  author    = {J. Tan and others},
  title     = {3D-GLCM {CNN}: A 3-Dimensional Gray-Level Co-Occurrence Matrix-Based {CNN} Model for Polyp Classification via {CT} Colonography},
  journal   = {IEEE Transactions on Medical Imaging},
  volume    = {39},
  number    = {6},
  pages     = {2013--2024},
  month     = jun,
  year      = {2020},
  doi       = {10.1109/TMI.2019.2963177},
}

@article{kumar2020,
  author    = {S. Kumar and S. K. Singh},
  title     = {Occluded Thermal Face Recognition Using Bag of {CNN} ({BoCNN})},
  journal   = {IEEE Signal Processing Letters},
  volume    = {27},
  pages     = {975--979},
  year      = {2020},
  doi       = {10.1109/LSP.2020.2996429},
}

@article{abdulnabi2015,
  author    = {A. H. Abdulnabi and G. Wang and J. Lu and K. Jia},
  title     = {Multi-Task {CNN} Model for Attribute Prediction},
  journal   = {IEEE Transactions on Multimedia},
  volume    = {17},
  number    = {11},
  pages     = {1949--1959},
  month     = nov,
  year      = {2015},
  doi       = {10.1109/TMM.2015.2477680},
}

@article{zhang2021,
  author    = {X. Zhang and others},
  title     = {Spectral–Spatial Fractal Residual Convolutional Neural Network With Data Balance Augmentation for Hyperspectral Classification},
  journal   = {IEEE Transactions on Geoscience and Remote Sensing},
  volume    = {59},
  number    = {12},
  pages     = {10473--10487},
  month     = dec,
  year      = {2021},
  doi       = {10.1109/TGRS.2020.3046840},
}

@article{wu2018,
  author    = {X. Wu and R. He and Z. Sun and T. Tan},
  title     = {A Light {CNN} for Deep Face Representation With Noisy Labels},
  journal   = {IEEE Transactions on Information Forensics and Security},
  volume    = {13},
  number    = {11},
  pages     = {2884--2896},
  month     = nov,
  year      = {2018},
  doi       = {10.1109/TIFS.2018.2833032},
}

@article{bauerle2021,
  author    = {A. Bäuerle and C. van Onzenoodt and T. Ropinski},
  title     = {Net2Vis – A Visual Grammar for Automatically Generating Publication-Tailored {CNN} Architecture Visualizations},
  journal   = {IEEE Transactions on Visualization and Computer Graphics},
  volume    = {27},
  number    = {6},
  pages     = {2980--2991},
  month     = jun,
  year      = {2021},
  doi       = {10.1109/TVCG.2021.3057483},
}

@article{cozzolino2020,
  author    = {D. Cozzolino and L. Verdoliva},
  title     = {Noiseprint: A {CNN}-Based Camera Model Fingerprint},
  journal   = {IEEE Transactions on Information Forensics and Security},
  volume    = {15},
  pages     = {144--159},
  year      = {2020},
  doi       = {10.1109/TIFS.2019.2916364},
}

@article{krishnendu2020,
  author    = {Krishnendu S and Geetha S and Gopakumar G},
  title     = {A Review on Polyp Detection and Segmentation in Colonoscopy Images using Deep Learning},
  journal   = {INTERNATIONAL JOURNAL OF ENGINEERING RESEARCH \& TECHNOLOGY (IJERT)},
  volume    = {09},
  number    = {10},
  year      = {2020},
  doi       = {10.17577/IJERTV9IS100163},
}

@article{tang2019,
  author    = {Tang, Weixuan and Li, Bin and Tan, Shunquan and Barni, Mauro and Huang, Jiwu},
  journal   = {IEEE Transactions on Information Forensics and Security}, 
  title     = {CNN-Based Adversarial Embedding for Image Steganography}, 
  year      = {2019},
  volume    = {14},
  number    = {8},
  pages     = {2074-2087},
  keywords  = {Distortion;Perturbation methods;Deep learning;Feature extraction;Minimization;Security;Image coding;Steganography;steganalysis;adversarial machine learning},
  doi       = {10.1109/TIFS.2019.2891237}
}

@INPROCEEDINGS{hara2018,
  author    = {Hara, Kensho and Kataoka, Hirokatsu and Satoh, Yutaka},
  booktitle = {2018 IEEE/CVF Conference on Computer Vision and Pattern Recognition}, 
  title     = {Can Spatiotemporal 3D CNNs Retrace the History of 2D CNNs and ImageNet?}, 
  year      = {2018},
  volume={},
  number={},
  pages={6546-6555},
  keywords={Three-dimensional displays;Kinetic theory;Two dimensional displays;Training;Task analysis;Kernel;Computer vision},
  doi={10.1109/CVPR.2018.00685}
}

@article{wang2023,
  author={Wang, Jianping and Zhang, Xueyan and Gao, Guohong and Lv, Yingying and Li, Qian and Li, Zhiyu and Wang, Chengchao and Chen, Guanglan},
  journal={IEEE Access}, 
  title={Open Pose Mask R-CNN Network for Individual Cattle Recognition}, 
  year={2023},
  volume={11},
  number={},
  pages={113752-113768},
  keywords={Cows;Animals;Deep learning;Agriculture;Object recognition;Task analysis;Classification algorithms;Cattle identification;mask R-CNN network;open pose;CBAM;OP-Mask R-CNN},
  doi={10.1109/ACCESS.2023.3321152}
}

@article{simonyan2014,
  author    = {K. Simonyan and A. Zisserman},
  title     = {Very deep convolutional networks for large-scale image recognition},
  year      = {2014},
  journal   = {arXiv preprint arXiv:1409.1556},
  doi       = {10.48550/arxiv.1409.1556}
}

@article{krizhevsky2012,
  author    = {A. Krizhevsky and I. Sutskever and G. E. Hinton},
  title     = {ImageNet Classification with Deep Convolutional Neural Networks},
  journal   = {Advances in Neural Information Processing Systems},
  volume    = {25},
  pages     = {1097--1105},
  year      = {2012}
}

@article{khawaldeh2017,
  author    = {S. Khawaldeh and U. Pervaiz and A. Rafiq and R. S. Alkhawaldeh},
  title     = {Noninvasive grading of glioma tumor using magnetic resonance imaging with convolutional neural networks},
  journal   = {Applied Sciences},
  volume    = {8},
  number    = {1},
  pages     = {27},
  year      = {2017},
  doi       = {10.3390/app8010027}
}

@article{wang2018,
  author    = {C. Wang and K. L. Tan and C. Chen and Y. Lin and S. S. Keerthi and D. Mahajan and S. Sellamanickam},
  title     = {Distributed newton methods for deep neural networks},
  journal   = {Neural Computation},
  volume    = {30},
  number    = {6},
  pages     = {1673--1724},
  year      = {2018},
  doi       = {10.1162/neco_a_01088}
}

@article{zhao2019,
  author    = {X. Zhao and T. Zhang and H. Liu and G. Zhu and X. Zou},
  title     = {Automatic windowing for MRI with convolutional neural network},
  journal   = {IEEE Access},
  volume    = {7},
  pages     = {68594--68606},
  year      = {2019},
  doi       = {10.1109/ACCESS.2019.2916433}
}

@article{pan2019,
  author    = {W. Pan and C. Wu and Z. Huang and Y. Zhai and J. Lin and Y. Chen and Q. Yu},
  title     = {A comprehensive review of deep learning in biomedical applications},
  journal   = {IEEE Access},
  volume    = {8},
  pages     = {120881--120903},
  year      = {2020},
  doi       = {10.1109/ACCESS.2020.3008805}
}
